@article{LIUDIMULYO201767,
    title = "\href{https://doi.org/10.1016/j.jcrysgro.2017.10.009}{Growth study of self-assembled GaN nanocolumns on silica glass by plasma assisted molecular beam epitaxy}",
    journal = "J. Cryst. Growth",
    volume = "480",
    pages = "67-73",
    year = "2017",
    author = "A. {Liudi Mulyo} and Y. Konno and J. S. Nilsen and A. T. J. {van Helvoort} and B.-O. Fimland and H. Weman and K. Kishino"
}

@article{2019liudimulyo,
   author = {Høiaas, I. M. and Liudi Mulyo, A. and Vullum, P. E. and Kim, D.-C. and Ahtapodov, L. and Fimland, B.-O. and Kishino, K. and Weman, H.},
   title = {\href{https://doi.org/10.1021/acs.nanolett.8b04607}{GaN/AlGaN Nanocolumn Ultraviolet Light-Emitting Diode Using Double-Layer Graphene as Substrate and Transparent Electrode}},
   journal = {Nano Lett.},
   volume = {19},
   number = {3},
   pages = {1649-1658},
   year = {2019}
}

@article{liudimulyo_2018,
   author = {Liudi Mulyo, A. and Rajpalke, M. K. and Kuroe, H. and Vullum, P.-E. and Weman, H. and Fimland, B.-O. and Kishino, K.},
   title = {\href{http://stacks.iop.org/0957-4484/30/i=1/a=015604}{Vertical GaN nanocolumns grown on graphene intermediated with a thin AlN buffer layer}},
   journal = {Nanotechnology},
   volume = {30},
   number = {1},
   pages = {015604},
   year = {2018}
}

@unpublished {liudimulyo_unpublished1,
    author = "Liudi Mulyo, A. and others",
    title  = "\href{https://andreasliudimulyo.github.io}{The Influence of AlN Buffer Layer on the Growth of Self-Assembled GaN Nanocolumns on Graphene}",
    year = "n.d",
    note   = "\textit{Unpublished}"
}

@unpublished {liudimulyo_unpublished2,
    author = "Liudi Mulyo, A. and others",
    title  = "\href{https://andreasliudimulyo.github.io}{Utilization of Graphene as Substrate and Bottom Electrode for High-Density and Vertically-Aligned GaN/AlGaN Nanocolumns}",
    year = "n.d",
    note   = "\textit{Unpublished}"
}

@article{liudimulyo2020853,
   author = {Liudi Mulyo, A. and Rajpalke, M. K. and Vullum, P. E. and Weman, H. and Kishino, K. and Fimland, B.-O.},
   title = {\href{https://doi.org/10.1038/s41598-019-55424-z}{The influence of AlN buffer layer on the growth of self-assembled GaN nanocolumns on graphene}},
   journal = {Scientific Reports},
   volume = {10},
   number = {1},
   pages = {853},
   year = {2020}
}

@article{2016robins,
    author = {Robins, L. H. and Horneber, E. and Sanford, N. A. and Bertness, K. A. and Brubaker, M. D. and Schlager, J. B.},
    title = {\href{https://doi.org/10.1063/1.4963291}{Raman spectroscopy based measurements of carrier concentration in n-type GaN nanowires grown by plasma-assisted molecular beam epitaxy}},
    journal = {J. Appl. Phys.},
    volume = {120},
    number = {12},
    pages = {124313},
    year = {2016}
}

@article{2009jeganathan,
    author = {Jeganathan, K. and Debnath, R. K. and Meijers, R. and Stoica, T. and Calarco, R. and Grutzmacher, D. and Luth, H.},
    title = {\href{https://doi.org/10.1063/1.3148862}{Raman scattering of phonon-plasmon coupled modes in self-assembled GaN nanowires}},
    journal = {J. Appl. Phys.},
    volume = {105},
    number = {12},
    pages = {123707},
    year = {2009}
}


%%%%%%%%%%%%%%%%%%%%%%%%%%%%%%%%%%%%%%%%%%%%%%%%%%%%%%%%%%
%%%%%%%%%%%%%%%%%%%%%%%%%%%%%%%%%%%%%%%%%%%%%%%%%%%%%%%%%%

@misc{swissgridCurrentGridKey2021,
  title = {Current Grid Key Figures - {{Frequency}}},
  author = {Swissgrid},
  year = {2022},
  url = {https://www.swissgrid.ch/en/home/operation/grid-data/current-data.html},
  urldate = {Feb. 17, 2022},
  abstract = {Swissgrid continuously compiles operating information, analyses it, and leverages it to optimise grid deployment. We use detailed criteria to monitor and assess the status of the transmission system in Switzerland.},
  }


@book{devoldOilGasProduction2013,
  type = {Report},
  title = {Oil and Gas Production Handbook, an Introduction to Oil and Gas Production, Transport, Refining and Petrochemical Industry},
  author = {Devold, Håvard},
  year = {2013},
  edition = {3.0},
  pages = {en},
  publisher = {{ABB Oil and Gas}},
  address = {{Oslo, Norway}},
  isbn = {978-82-997886-3-2},
  url = {https://library.e.abb.com/public/34d5b70e18f7d6c8c1257be500438ac3/Oil\%20and\%20gas\%20production\%20handbook\%20ed3x0\_web.pdf},
}
% url = {https://library.e.abb.com/public/34d5b70e18f7d6c8c1257be500438ac3/Oil%20and%20gas%20production%20handbook%20ed3x0_web.pdf},
% urldate = {2020-09-11},

@book{machowskiPowerSystemDynamics2008,
  title = {Power System Dynamics: Stability and Control},
  shorttitle = {Power System Dynamics},
  author = {Machowski, Jan},
  year = {2008},
  edition = {2nd},
  publisher = {{Wiley}},
  address = {{Chichester, U.K.}},
  editora = {Bialek, Janusz W. and {J. R Bumby}},
  editoratype = {collaborator},
  isbn = {978-1-119-96505-3},
}

@techreport{FastFrequencyReserve2019,
  author = {{ENTSO-E}},
  type = {Report},
  number = {{FFR}},
  title = {Fast {{Frequency Reserve}}  – {{Solution}} to the {{Nordic}} Inertia Challenge},
  year = {2019},
  institution = {{ENTSO-E / Danske Energinet}},
  address = {{Denmark}},
  url = {https://energinet.dk/-/media/762E225FFB894177A37B75A7CF4C894C.PDF}
}

@techreport{PowerFactory2020Technical2020,
  author = {{DIgSILENT}},
  year = {2021},
  type = {Overview},
  number = {PF2020},
  title = {{{PowerFactory}} 2020, {{Technical Reference}}},
  institution = {{DIgSILENT GmbH}},
  location = {{Gomaringen, Germany}},
  url = {https://www.digsilent.de}
}


@techreport{hatziargyriouStabilityDefinitionsCharacterization2020,
  type = {Report},
  title = {Stability Definitions and Characterization of Dynamic Behavior in Systems with High Penetration of Power Electronic Interfaced Technologies},
  author = {Hatziargyriou, N. and Milanović, J. V. and Rahmann, C. and Ajjarapu, V. and Cañizares, C. and Erlich, I. and Hill, D. and Hiskens, I. and Kamwa, I. and Pal, B. and Pourbeik, P. and Sanchez- Gasca, J. J. and Stanković, A. and Van Cutsem, T. and Vittal, V. and Vournas, C.},
  year = {2020},
  series = {{{TR}}-77 — {{Definition}} and {{Classification}} of {{Power System Stability Revisited}}},
  number = {PES-TR77},
  pages = {42},
  institution = {{IEEE Power \& Energy Society}},
}
%date = {2020-04},


@article{hatziargyriouDefinitionClassificationPower2021,
  title = {Definition and {{Classification}} of {{Power System Stability}} – {{Revisited}} \& {{Extended}}},
  author = {Hatziargyriou, Nikos and Milanovic, Jovica and Rahmann, Claudia and Ajjarapu, Venkataramana and Canizares, Claudio and Erlich, Istvan and Hill, David and Hiskens, Ian and Kamwa, Innocent and Pal, Bikash and Pourbeik, Pouyan and Sanchez-Gasca, Juan and Stankovic, Aleksandar and Van Cutsem, Thierry and Vittal, Vijay and Vournas, Costas},
  date = {2021-07},
  year = {2021},
  journal = {IEEE Transactions on Power Systems},
  volume = {36},
  number = {4},
  pages = {3271--3281},
  issn = {1558-0679},
  doi = {10.1109/TPWRS.2020.3041774},
  eventtitle = {{{IEEE Transactions}} on {{Power Systems}}},
  url = {https://doi.org/10.1109/TPWRS.2020.3041774},
}


@inproceedings{milanoFoundationsChallengesLowInertia2018,
  title = {Foundations and {{Challenges}} of {{Low}}-{{Inertia Systems}} ({{Invited Paper}})},
  venue = {{{Power Systems Computation Conference}}},
  boottitle = {{{Power Systems Computation Conference}}},
  author = {Milano, Federico and Dörfler, Florian and Hug, Gabriela and Hill, David J. and Verbič, Gregor},
  publisher = {{IEEE}},
  year = {2018},
  pages = {1--25},
  address = {{Dublin}, {Ireland}},
  note = {DOI \href{https://doi.org/10.23919/PSCC.2018.8450880}{10.23919/PSCC.2018.8450880}},
}

@techreport{NorskPetroleumEmissions2021,
  type = {online},
  title = {Norwegian {{Petroleum Emissions}} to {Air} 2020},
  date = {2022-12-04},
  year = {2022},
  author = {{OED}},
  institution = {{Norwegian Ministry of Petroleum and Energy (OED)}},
  address = {{Oslo, Norway}},
  url = {https://www.norskpetroleum.no/en/environment-and-technology/emissions-to-air/},
  urldate = {Feb. 17, 2022},
}
%urldate = {Dec. 12, 2021},

@techreport{LM2500PowerPlants2019,
  type = {Data Sheet},
  title = {{{LM2500 Power Plants}}},
  date = {2019},
  number = {GEA34340-60 (09/2019)},
  institution = {{General Electric Company}},
  location = {{USA}},
  url = {https://www.ge.com/content/dam/gepower/global/en_US/documents/gas/gas-turbines/aero-products-specs/lm2500-60hz-fact-sheet-product-specifications.pdf},
  urldate = {2021-03-12},
}


@techreport{poubeikDynamicModelsTurbineGovernors2013,
  type = {Report},
  title = {Dynamic {{Models}} for {{Turbine}}-{{Governors}} in {{Power System Studies}}},
  author = {{IEEE Task Force on Turbine-Governor Modeling}},
  year = {2013},
  number = {PES-TR1},
  institution = {{IEEE Power \& Energy Society}},
  url = {https://site.ieee.org/fw-pes/files/2013/01/PES_TR1.pdf},
  urldate = {2021-12-04}
}


@article{hemmatiEmergenceHybridEnergy2016,
  title = {Emergence of Hybrid Energy Storage Systems in Renewable Energy and Transport Applications – {{A}} Review},
  author = {Hemmati, Reza and Saboori, Hedayat},
  year = {2016},
  date = {2016-11-01},
  journaltitle = {Renewable and Sustainable Energy Reviews},
  journal = {Renewable and Sustainable Energy Reviews},
  volume = {65},
  pages = {11--23},
  issn = {1364-0321},
  url = {https://www.sciencedirect.com/science/article/pii/S1364032116302374},
  langid = {english},
  keywords = {Electric vehicles,Energy Storage System,Hybrid Energy Storage System,Renewable energy}
}
%doi = {10.1016/j.rser.2016.06.029},
%urldate = {2021-12-05},

@book{mohanPowerElectronicsConverters1995,
  title = {Power Electronics: Converters, Applications, and Design},
  shorttitle = {Power Electronics},
  author = {Mohan, Ned and Undeland, Tore M. and Robbins, William P.},
  year = {1995},
  edition = {2nd ed},
  publisher = {{Wiley}},
  address = {{New York, USA}},
  isbn = {978-0-471-58408-7},
   pagetotal = {802},
  keywords = {Electric current converters,Power electronics,Power semiconductors}
}



@article{blaabjergOverviewControlGrid2006,
  title = {Overview of {{Control}} and {{Grid Synchronization}} for {{Distributed Power Generation Systems}}},
  author = {Blaabjerg, F. and Teodorescu, R. and Liserre, M. and Timbus, A.V.},
  year = {2006},
  journal = {IEEE Transactions on Industrial Electronics},
  volume = {53},
  number = {5},
  pages = {1398--1409},
  issn = {1557-9948},
  url = {https://doi.org/10.1109/TIE.2006.881997},
}


@article{orourkeGeometricInterpretationReference2019,
  title = {A {{Geometric Interpretation}} of {{Reference Frames}} and {{Transformations}}: Dq0, {{Clarke}}, and {{Park}}},
  shorttitle = {A {{Geometric Interpretation}} of {{Reference Frames}} and {{Transformations}}},
  author = {O’Rourke, C. J. and Qasim, M. M. and Overlin, M. R. and Kirtley, J. L.},
  year = {2019},
  journal = {IEEE Transactions on Energy Conversion},
  volume = {34},
  pages = {2070--2083},
  issn = {1558-0059},
  url = {https://doi.org/10.1109/TEC.2019.2941175},
  number = {4}
}


@book{ogataModernControlEngineering2010,
  title = {Modern Control Engineering},
  author = {Ogata, Katsuhiko},
  year = {2010},
  edition = {5th},
  publisher = {{Prentice-Hall}},
  address = {{Boston, USA}},
  isbn = {978-0-13-615673-4},
  langid = {english},
  pagetotal = {894},
  keywords = {Automatic control,Control theory}
}
%series = {Prentice-{{Hall}} Electrical Engineering Series. {{Instrumentation}} and Controls Series},

@article{golestanThreePhasePLLsReview2017,
  title = {Three-{{Phase PLLs}}: A {{Review}} of {{Recent Advances}}},
  shorttitle = {Three-{{Phase PLLs}}},
  author = {Golestan, Saeed and Guerrero, Josep M. and Vasquez, Juan C.},
  year = {2017},
  date = {2017-03},
  volume = {32},
  number = {3},
  pages = {1894--1907},
  issn = {1941-0107},
  journal = {{{IEEE Transactions}} on {{Power Electronics}}},
  url = {https://doi.org/10.1109/TPEL.2016.2565642}
}



@techreport{longIEEEGuideApplication1978,
  title = {{{IEEE Guide}} for {{Application}} of {{Transformer Connections}} in {{Three}}-{{Phase Distribution Systems}}},
  author = {Long, L. W. and Borst, J. D. and Massey, D. E. and McWilliams, K. M. and Roach, D. A. and Smith, D. R.},
  year = {1978},
  date = {1978-10},
  type = {{ANSI/IEEE Std}},
  number = {C57.105-1978},
  pages = {1--39},
  url = {https://doi.org/10.1109/IEEESTD.1978.80814},
}



@book{bachaPowerElectronicConverters2013,
  title = {Power {{Electronic Converters Modelling}} and {{Control}} with {{Case Studies}}},
  author = {Bacha, Seddik and Munteanu, Iulian and Bratcu, Antoneta Iulinana},
  year = {2013},
  series = {Advanced {{Textbooks}} in {{Control}} and {{Signal Processing}}},
  publisher = {{Springer}},
  address = {{London, England}},
  isbn = {978-1-4471-5478-5},
  url = {https://link.springer.com/book/10.1007/978-1-4471-5478-5}
}



@inproceedings{pattabiramanComparisonGridFollowing2018,
  title = {Comparison of {{Grid Following}} and {{Grid Forming Control}} for a {{High Inverter Penetration Power System}}},
  booktitle = {2018 {{IEEE Power Energy Society General Meeting}} ({{PESGM}})},
  author = {Pattabiraman, Dinesh and Lasseter., R. H. and Jahns, T. M.},
  year = {2018},
  date = {2018-08},
  publisher = {{IEEE}},
  pages = {1--5},
  issn = {1944-9933},
  note = {\href{https://doi.org/10.1109/PESGM.2018.8586162}{DOI: 10.1109/PESGM.2018.8586162}},
}
%doi = {10.1109/PESGM.2018.8586162}


@techreport{IEC6140027120152015,
  author = {{IEC}},
  type = {IEC Standard},
  title = {Wind turbines - Part 27-1: Electrical simulation models},
  shorttitle = {IEC 61400-27-1:2015},
  year = {2015},
  date = {2015-02-13},
  series = {Wind Turbines},
  number = {61400-27-1:2015},
  pages = {200},
  institution = {{International Electrotechnical Commission}},
  address = {{Geneva, Switzerland}},
  url = {https://webstore.iec.ch/publication/21811},
}
%urldate = {2020-03-17},


@article{brantsaeterPassiveFilterDesign2015,
  title = {Passive {{Filter Design}} and {{Offshore Wind Turbine Modelling}} for {{System Level Harmonic Studies}}},
  author = {Brantsæter, Henrik and Kocewiak, Lukasz and Tedeschi, Elisabetta and Årdal, Atle Rygg},
  year = {2015},
  journal = {Energy Procedia},
  volume = {80},
  pages = {401--410},
  issn = {1876-6102},
  url = {https://ntnuopen.ntnu.no/ntnu-xmlui/handle/11250/2381992},
}
%doi = {10.1016/j.egypro.2015.11.444},
%urldate = {2020-06-29},


@inproceedings{motaDualSequenceController2021,
  title = {Dual {{Sequence Controller}} with {{Delayed Signal Cancellation}} in the {{Rotating Reference Frame}}},
  venue = {{{IEEE}} 22nd {{Workshop}} on {{Control}} and {{Modelling}} of {{Power Electronics}}},
  booktitle = {{{IEEE}} 22nd {{Workshop}} on {{Control}} and {{Modelling}} of {{Power Electronics}}},
  author = {Mota, Daniel dos Santos and Alves, Erick Fernando and Tedeschi, Elisabetta},
  year = {2021},
  pages = {1--8},
  issn = {1093-5142},
  address = {{Cartagena, Colombia}},
  note = {DOI \href{https://doi.org/10.1109/COMPEL52922.2021.9646023}{10.1109/COMPEL52922.2021.9646023}},
}
%  url = {https://doi.org/10.36227/techrxiv.17142341},
% publisher = {{IEEE}},

@inproceedings{motaUnderstandingEffectsExponentially2021,
  title = {Understanding the {{Effects}} of {{Exponentially Decaying DC Currents}} on the {{Dual}} {{dq}} {{Control}} of {{Power Converters}} in {{Systems}} with {{High X}}/{{R}}},
  booktitle = {{IEEE} 15th {International} {Conference} on {Compatibility}, {Power} {Electronics} and {Power} {Engineering}},
  author = {Daniel dos Santos Mota and Elisabetta Tedeschi},
  date = {2021-07},
  year = {2021},
  pages={1-6},
  publisher = {{IEEE}},
  venue = {15th International Conference on Compatibility, Power Electronics and Power Engineering},
  address = {{Florence}, {Italy}},
  note = {\href{https://doi.org/10.1109/CPE-POWERENG50821.2021.9501204}{DOI: 10.1109/CPE-POWERENG50821.2021.9501204}}
}


@article{ghorbaniparvarSurveyForcedOscillations2017,
  title = {Survey on Forced Oscillations in Power System},
  author = {Ghorbaniparvar, Mohammadreza},
  year = {2017},
  date = {2017-09-01},
  journal = {Journal of Modern Power Systems and Clean Energy},
  shortjournal = {J. Mod. Power Syst. Clean Energy},
  volume = {5},
  number = {5},
  pages = {671--682},
  issn = {2196-5420},
  note = {DOI 10.1007/s40565-017-0273-4},
  url = {https://doi.org/10.1007/s40565-017-0273-4},
  urldate = {2021-12-08}
}

@article{larsenMethodAvoidNegative2007,
  title = {A Method to Avoid Negative Damped Low Frequent Tower Vibrations for a Floating, Pitch Controlled Wind Turbine},
  author = {Larsen, T J and Hanson, T D},
  year = {2007},
  date = {2007-07-01},
  journal = {Journal of Physics: Conference Series},
  shortjournal = {J. Phys.: Conf. Ser.},
  volume = {75},
  pages = {012073},
  issn = {1742-6596},
  url = {https://iopscience.iop.org/article/10.1088/1742-6596/75/1/012073},
}
%doi = {10.1088/1742-6596/75/1/012073},
%urldate = {2021-10-21}

@techreport{tamezDecarbonisationOptionsDutch2020,
  type = {Report},
  number = {PBL 416},
  title = {Decarbonisation Options for the {{Dutch}} Offshore Natural Gas Industry},
  author = {Tamez, Adrian Serna and Dellaert, Stijn},
  year = {2020},
  pages = {54},
  institution = {{PBL Netherlands Environmental Assessment Agency and TNO Energy Transition}},
  location = {{The Hague}},
  url = {https://www.pbl.nl/sites/default/files/downloads/pbl-2020-decarbonisation-options-for-the-dutch-offshore-natural-gas-industry\_4161.pdf},
  urldate = {Dec. 12, 2021}
}
%  number = {PBL 416 / TNO 060.33956},

@techreport{NorthSeaTransition2021,
  author = {{OGUK}},
  type = {Report},
  number = {{NSTD}},
  title = {North {{Sea Transition Deal}}},
  year = {2021},
  pages = {51},
  institution = {{Department for Business, Energy \& Industrial Strategy}},
  address = {{London, United Kingdom}},
  url = {https://assets.publishing.service.gov.uk/government/uploads/system/uploads/attachment\_data/file/972520/north-sea-transition-deal\_A\_FINAL.pdf},
  }
%urldate = {Dec. 12, 2021}



@techreport{ieaOffshoreWindOutlook2019,
  type = {Report},
  number = {WEO STO 2019},
  title = {Offshore {{Wind Outlook}} 2019},
  author = {IEA},
  year = {2019},
  series = {World {{Energy Outlook Special Report}}},
  pages = {98},
  institution = {{International Energy Agency}},
  address = {{Paris, France}},
  url = {https://iea.blob.core.windows.net/assets/495ab264-4ddf-4b68-b9c0-514295ff40a7/Offshore_Wind_Outlook_2019.pdf},
}
%urldate = {2021-12-08},



@techreport{ACS88077LC87LC87CC2020,
  author = {ABB},
  title = {{{ACS880}}-{{77LC}}/-{{87LC}}/-{{87CC}} Wind Turbine Converters},
  year = {2020},
  date = {2020-04-27},
  institution = {{ABB}},
  address = {{Zurich, Switzerland}},
  url = {https://search.abb.com/library/Download.aspx?DocumentID=3AXD50000022022&LanguageCode=en&DocumentPartId=1&Action=Launch},
  number = {3AXD50000022022 Rev C},
  type = {System Description}
}
%urldate = {2020-06-26},
%file = {C\:\\Users\\daniemot\\Zotero\\storage\\5U9LCBME\\2020 - ACS880-77LC-87LC-87CC wind turbine converters.pdf},
%langid = {english},


@techreport{TopperformingWindConverter2017,
  author = {Siemens},
  title = {The Top-Performing Wind Converter {{Trusted}} Technology for Maximum Power Yield – {{SINAMICS W180}}},
  year = {2017},
  institution = {{Siemens AG}},
  address = {{Munich, Germany}},
  url = {https://assets.new.siemens.com/siemens/assets/api/uuid:26ef63b7cae9657fae9e98618212ba874f3fd729/455_170680\_ws\_sinamicsw180us.pdf},
  number = {PDLD-B10099-00-7600},
  type = {Brochure}
}
% urldate = {2020-09-27},




@article{korpasCaseStudyOffshoreWind2012,
  title = {A {{Case}}-{{Study}} on {{Offshore Wind Power Supply}} to {{Oil}} and {{Gas Rigs}}},
  author = {Korpås, Magnus and Warland, Leif and He, Wei and Tande, John Olav Giæver},
  year = {2012},
  date = {2012-01-01},
  journaltitle = {Energy Procedia},
  journal = {Energy Procedia},
  series = {Selected Papers from {{Deep Sea Offshore Wind R}}\&{{D Conference}}, {{Trondheim}}, {{Norway}}, 19-20 {{January}} 2012},
  volume = {24},
  pages = {18--26},
  issn = {1876-6102},
  doi = {10.1016/j.egypro.2012.06.082},
  url = {http://www.sciencedirect.com/science/article/pii/S1876610212011228},
}
%urldate = {2021-01-28},


@article{riboldiOptimalDesignHybrid2020,
  title = {Optimal {{Design}} of a {{Hybrid Energy System}} for the {{Supply}} of {{Clean}} and {{Stable Energy}} to {{Offshore Installations}}},
  author = {Riboldi, Luca and Alves, Erick F. and Pilarczyk, Marcin and Tedeschi, Elisabetta and Nord, Lars O.},
  year = {2020},
  journal = {Frontiers in Energy Research},
  volume = {8},
  pages = {346},
  issn = {2296-598X},
  doi = {10.3389/fenrg.2020.607284},
  url = {https://www.frontiersin.org/article/10.3389/fenrg.2020.607284},
}
%urldate = {2021-09-20},

%% References added by Erick

@article{alvesSmartLoadManagement2019,
  title = {Smart {{Load Management}} with {{Energy Storage}} for {{Power Quality Enhancement}} in {{Wind-Powered Oil}} and {{Gas Applications}}},
  author = {Alves, Erick and Sanchez, Santiago and Brandao, Danilo and Tedeschi, Elisabetta},
  year = {2019},
  date = {2019-08-02},
  journal = {Energies},
  volume = {12},
  number = {15},
  pages = {2985},
  issn = {1996-1073},
  doi = {10.3390/en12152985}
}


%%%%%%%%%%%%%%%%%%%%%%%%%%%%%%%%%%%%%%%%%%%%%%%%%%%%%%%
% ARXIV - PRE-PRINTS - PRE PRINTS
%%%%%%%%%%%%%%%%%%%%%%%%%%%%%%%%%%%%%%%%%%%%%%%%%%%%%%%

@article{zhangModellingAnalysisOffshore2021,
  title = {Modelling and Analysis of Offshore Energy Hubs},
  author = {Zhang, Hongyu and Tomasgard, Asgeir and Knudsen, Brage Rugstad and Svendsen, Harald G. and Bakker, Steffen J. and Grossmann, Ignacio E.},
  date = {2021-10-12},
  year = {2021},
  journal = {{Cornell University arXiv:2110.05868 [cs, eess, math]}},
  eprint = {2110.05868},
  eprinttype = {arxiv},
  primaryclass = {cs, eess, math},
  archive = {arXiv},
  url = {https://arxiv.org/abs/2110.05868}
}

%%%%%%%%%%%%%%%%%%%%%%%%%%%%%%%%%%%%%%%%%%%%%%%%%%%%%%%
% BOOKS LIVROS
%%%%%%%%%%%%%%%%%%%%%%%%%%%%%%%%%%%%%%%%%%%%%%%%%%%%%%%
@book{concordiaSynchronousMachinesTheory1951,
	title = {Synchronous Machines, Theory and Performance},
	author = {Concordia, Charles},
	year = {1951},
	publisher = {{Wiley}},
	address = {{New York}},
	keywords = {Electric motors, Synchronous},
	number = {viii, 224 p.},
	series = {General {{Electric}} Series.}
}

@book{graingerPowerSystemAnalysis1994,
	title = {Power System Analysis},
	author = {Grainger, John J. and Stevenson, William D.},
	year = {1994},
	publisher = {{McGraw-Hill}},
	address = {{New York}},
	isbn = {978-0-07-061293-8},
	keywords = {Electric power distribution,Electric power systems},
	lccn = {TK3001 .G73 1994},
	series = {{{McGraw}}-{{Hill}} Series in Electrical and Computer Engineering}
}

@book{kundurPowerSystemStability1994,
	title = {Power {{System Stability}} and {{Control}}},
	author = {Kundur, P. and Balu, N. J. and Lauby, M. G.},
	year = {1994},
	series = {{{EPRI}} Power System Engineering Series},
	publisher = {{McGraw-Hill}},
	address = {{New York, USA}},
	isbn = {978-0-07-035958-1},
    lccn = {TK1005 .K86 1994},
}


@book{kimbarkPowerSystemStability1995,
	title = {Power System Stability},
	author = {Kimbark, Edward Wilson},
	year = {1995},
	publisher = {{IEEE Press}},
	address = {{New York}},
	isbn = {978-0-7803-1135-0},
	lccn = {TK1010 .K56 1995},
	series = {{{IEEE Press}} Power Systems Engineering Series}
}

@book{ericksonFundamentalsPowerElectronics2001,
	title = {Fundamentals of {{Power Electronics}}},
	author = {Erickson, Robert W and Maksimovi{\'c}, Dragan},
	year = {2001},
	edition = {2},
	publisher = {{Springer}},
	location = {Boston, MA, USA},
	isbn = {978-0-306-48048-5}
}

@book{sauerPowerSystemDynamics2017,
	title = {Power System Dynamics and Stability: With Synchrophasor Measurement and Power System Toolbox},
	shorttitle = {Power System Dynamics and Stability},
	author = {Sauer, Peter W. and Pai, M. A. and Chow, J. H.},
	year = {2017},
	edition = {Second edition},
	publisher = {{Wiley}},
	address = {{Hoboken, NJ, USA}},
	isbn = {978-1-119-35577-9}
}

%%%%%%%%%%%%%%%%%%%%%%%%%%%%%%%%%%%%%%%%%%%%%%%%%%%%%%%
% BROCHURES BROCHURAS LEAFLETS MANUAIS - INDUSTRIA
%%%%%%%%%%%%%%%%%%%%%%%%%%%%%%%%%%%%%%%%%%%%%%%%%%%%%%%
@techreport{abbTechnicalDataVacuum2016,
	title = {Technical Data for Vacuum Cast Coil Dry-Type Transformers},
	author = {ABB},
	year = {2016},
	pages = {4},
	address = {{Zaragoza, Spain}},
	institution = {{ABB}},
	number = {1LES100021- ZD}
}

@techreport{siemensGEAFOLNeoOptimum2017,
	title = {The {{GEAFOL Neo}}: The Optimum Foundation for  Power Distribution},
	author = {Siemens},
	year = {2017},
	pages = {16},
	address = {{Erlangen, Germany}},
	institution = {{Siemens AG}},
	number = {EMTR-B10021-00-7600}
}

@techreport{saftIntensiumMax20P2017,
  title = {Intensium {{Max}}+ {{20P}} Product Datasheet},
  shorttitle = {21975-0317-2},
  author = {Saft},
  year = {2017},
  month = {3},
  institution = {{Saft}}
}

@techreport{siemensSINACONPV2020,
	title = {SINACON PV Photovoltaic Central Inverter: Technical Data},
	author = {Siemens},
	year = {2020},
	pages = {4},
	address = {{Erlangen, Germany}},
	institution = {{Siemens AG}},
	number = {SIDS-B10020-00-7600},
	url = {https://assets.new.siemens.com/siemens/assets/api/uuid:cb65b0d3-6425-48f5-92cb-cc217d2d5285/sinacon-pv-technical-data-en.pdf},
	urldate = {2020-12-10},
}

@techreport{infineontechnologiesPowerSensingSelection2020,
	title = {Power and {{Sensing Selection Guide}} 2020},
	author = {{Infineon~Technologies}},
	year = {2020},
	month = {4},
	institution = {{Infineon Technologies Austria AG}}
}


%%%%%%%%%%%%%%%%%%%%%%%%%%%%%%%%%%%%%%%%%%%%%%%%%%%%%%%
% CONFERENCES CONFERENCIAS CONFERÊNCIAS
%%%%%%%%%%%%%%%%%%%%%%%%%%%%%%%%%%%%%%%%%%%%%%%%%%%%%%%
@inproceedings{rodriguezAdvancedGridSynchronization2006,
  title = {Advanced {{Grid Synchronization System}} for {{Power Converters}} under {{Unbalanced}} and {{Distorted Operating Conditions}}},
  venue = {{{IECON}} 2006 - 32nd {{Annual Conference}} on {{IEEE Industrial Electronics}}},
  author = {Rodriguez, P. and Luna, A. and Ciobotaru, M. and Teodorescu, R. and Blaabjerg, F.},
  date = {2006-11},
  year = {2006},
  pages = {5173--5178},
  issn = {1553-572X},
  note = {DOI \href{https://doi.org/10.1109/IECON.2006.347807}{10.1109/IECON.2006.347807}},
}

@inproceedings{darcoVirtualSynchronousMachines2013,
	title = {Virtual Synchronous Machines \textemdash{} {{Classification}} of Implementations and Analysis of Equivalence to Droop Controllers for Microgrids},
	booktitle = {{{PowerTech}}},
	author = {D'Arco, Salvatore and Suul, Jon Are},
	year = {2013},
	month = {6},
	pages = {1--7},
	publisher = {{IEEE}},
	address = {{Grenoble, France}},
	note = {DOI \href{https://doi.org/10.1109/PTC.2013.6652456}{10.1109/PTC.2013.6652456}},
	isbn = {978-1-4673-5669-5}
}

@inproceedings{caliskanUsesAbusesSwing2015,
  title = {Uses and Abuses of the Swing Equation Model},
  venue = {54th {{IEEE Conference}} on {{Decision}} and {{Control}}},
  booktitle = {2015 54th {{IEEE Conference}} on {{Decision}} and {{Control}} ({{CDC}})},
  author = {Caliskan, Sina Y. and Tabuada, Paulo},
  publisher = {{IEEE}},
  date = {2015-12},
  year = {2015},
  pages = {6662--6667},
  address = {{Osaka, Japan}},
  note = {DOI \href{https://doi.org/10.1109/CDC.2015.7403268}{10.1109/CDC.2015.7403268}},
  isbn = {978-1-4799-7886-1}
}
%

@article{galloEnergyStorageEnergy2016,
  title = {Energy Storage in the Energy Transition Context: {{A}} Technology Review},
  shorttitle = {Energy Storage in the Energy Transition Context},
  author = {Gallo, A.B. and {Sim{\~o}es-Moreira}, J.R. and Costa, H.K.M. and Santos, M.M. and {Moutinho dos Santos}, E.},
  year = {2016},
  month = {11},
  volume = {65},
  pages = {800--822},
  issn = {13640321},
  note = {DOI \href{https://doi.org/10.1016/j.rser.2016.07.028}{10.1016/j.rser.2016.07.028}},
  journal = {Renewable and Sustainable Energy Reviews}
}

@inproceedings{dossantosalonsoConsiderationsCommunicationInfrastructures2019,
	title = {Considerations on {{Communication Infrastructures}} for {{Cooperative Operation}} of {{Smart Inverters}}},
	booktitle = {2019 {{IEEE}} 15th {{Brazilian Power Electronics Conference}} and 5th {{IEEE Southern Power Electronics Conference}} ({{COBEP}}/{{SPEC}})},
	author = {{dos Santos Alonso}, Augusto Matheus and Carlos Afonso, Leonardo and Brandao, Danilo Iglesias and Tedeschi, Elisabetta and Marafao, Fernando Pinhabel},
	year = {2019},
	month = {12},
	pages = {1--6},
	publisher = {{IEEE}},
	address = {{Santos, Brazil}},
	note = {DOI \href{https://doi.org/10.1109/COBEP/SPEC44138.2019.9065382}{10.1109/COBEP/SPEC44138.2019.9065382}},
	isbn = {978-1-72814-180-0}
}

@inproceedings{riboldiInnovativeHybridEnergy2020,
	title = {Innovative Hybrid Energy System for Stable Power and Heat Supply in Offshore Oil \& Gas Installation ({{HES}}-{{OFF}}): System Design and Grid Stability},
	booktitle = {30th {{European Symposium}} on {{Computer Aided Process Engineering}} ({{ESCAPE30}})},
	author = {Riboldi, Luca and Alves, Erick F and Pilarczyk, Marcin and Tedeschi, Elisabetta and Nord, Lars O.},
	year = {2020},
	month = {9},
	pages = {8},
	publisher = {{Elsevier}},
	address = {{Milano, Italy}}
}




%%%%%%%%%%%%%%%%%%%%%%%%%%%%%%%%%%%%%%%%%%%%%%%%%%%%%%%
% ENERGIES
%%%%%%%%%%%%%%%%%%%%%%%%%%%%%%%%%%%%%%%%%%%%%%%%%%%%%%%
@article{sandelicBatteryStorageBasedFrequency2018,
  title = {Battery {{Storage}}-{{Based Frequency Containment Reserves}} in {{Large Wind Penetrated Scenarios}}: {{A Practical Approach}} to {{Sizing}}},
  shorttitle = {Battery {{Storage}}-{{Based Frequency Containment Reserves}} in {{Large Wind Penetrated Scenarios}}},
  author = {Sandelic, Monika and Stroe, Daniel-Ioan and Iov, Florin},
  year = {2018},
  month = 11,
  volume = {11},
  pages = {3065},
  issn = {1996-1073},
  note = {DOI \href{https://doi.org/10.3390/en11113065}{10.3390/en11113065}},
  journal = {Energies},
  number = {11}
}

@article{marchgraberComparisonControlStrategies2020,
	title = {Comparison of {{Control Strategies}} to {{Realize Synthetic Inertia}} in {{Converters}}},
	author = {Marchgraber, J{\"u}rgen and Al{\'a}cs, Christian and Guo, Yi and Gawlik, Wolfgang and Anta, Adolfo and Stimmer, Alexander and Lenz, Martin and Froschauer, Manuel and Leonhardt, Michaela},
	year = {2020},
	month = {7},
	volume = {13},
	pages = {3491},
	issn = {1996-1073},
	note = {DOI \href{https://doi.org/10.3390/en13133491}{10.3390/en13133491}},
	journal = {Energies},
	number = {13}
}


%%%%%%%%%%%%%%%%%%%%%%%%%%%%%%%%%%%%%%%%%%%%%%%%%%%%%%%
% FRONTIERS
%%%%%%%%%%%%%%%%%%%%%%%%%%%%%%%%%%%%%%%%%%%%%%%%%%%%%%%
@article{riboldiOptimalDesignHybrid2021,
  title = {Optimal Design of a Hybrid Energy System for the Supply of Clean and Stable Energy to Offshore Installations},
  author = {Riboldi, Luca and Alves, Erick F. and Pilarczyk, Marcin and Tedeschi, Elisabetta and Nord, Lars O.},
  year = {2021},
  month = {1},
  note = {DOI \href{https://doi.org/10.3389/fenrg.2020.607284}{10.3389/fenrg.2020.607284}},
  journal = {Frontiers in Energy Research}
}

@article{alvesSizingHybridEnergy2021a,
	title = {Sizing of {{Hybrid Energy Storage Systems}} for {{Inertial}} and {{Primary Frequency Control}}},
	author = {Alves, Erick Fernando and Mota, Daniel dos Santos and Tedeschi, Elisabetta},
	year = {2021},
	journal = {Frontiers in Energy Research},
	volume = {9},
	pages = {206},
	issn = {2296-598X}, 
	note = {DOI \href{https://doi.org/10.3389/fenrg.2021.649200}{10.3389/fenrg.2021.649200}},
}


%%%%%%%%%%%%%%%%%%%%%%%%%%%%%%%%%%%%%%%%%%%%%%%%%%%%%%%
% IET
%%%%%%%%%%%%%%%%%%%%%%%%%%%%%%%%%%%%%%%%%%%%%%%%%%%%%%%
@article{abhyankarSolutionTechniquesTransient2017,
  title = {Solution Techniques for Transient Stability-Constrained Optimal Power Flow \textendash{} {{Part I}}},
  author = {Abhyankar, Shrirang and Geng, Guangchao and Anitescu, Mihai and Wang, Xiaoyu and Dinavahi, Venkata},
  year = {2017},
  month = 8,
  volume = {11},
  pages = {3177--3185},
  issn = {1751-8687, 1751-8695},
  note = {DOI \href{https://doi.org/10.1049/iet-gtd.2017.0345}{10.1049/iet-gtd.2017.0345}},
  journal = {IET Gener. Transm. Distrib},
  number = {12}
}

@article{sanchezSmartLoadManagement2017,
  title = {Smart Load Management of Water Injection Systems in Offshore Oil and Gas Platforms Integrating Wind Power},
  author = {Sanchez, Santiago and Tedeschi, Elisabetta and Silva, Jesus and Jafar, Muhammad and Marichalar, Alexandra},
  year = {2017},
  month = 7,
  volume = {11},
  pages = {1153--1162},
  issn = {1752-1416, 1752-1424},
  note = {DOI \href{https://doi.org/10.1049/iet-rpg.2016.0989}{10.1049/iet-rpg.2016.0989}},
  journal = {IET Renewable Power Generation},
  number = {9}
}

@article{gengSolutionTechniquesTransient2017,
  title = {Solution Techniques for Transient Stability-Constrained Optimal Power Flow \textendash{} {{Part II}}},
  author = {Geng, Guangchao and Abhyankar, Shrirang and Wang, Xiaoyu and Dinavahi, Venkata},
  year = {2017},
  month = 8,
  volume = {11},
  pages = {3186--3193},
  issn = {1751-8687, 1751-8695},
  note = {DOI \href{https://doi.org/10.1049/iet-gtd.2017.0346}{10.1049/iet-gtd.2017.0346}},
  journal = {IET Gener. Transm. Distrib},
  number = {12}
}  

@article{al-jaafrehPlanningOperationLV2019,
  title = {Planning and Operation of {{LV}} Distribution Networks: A Comprehensive Review},
  shorttitle = {Planning and Operation of {{LV}} Distribution Networks},
  author = {{Al-Jaafreh}, Mohammad A.A. and Mokryani, Geev},
  year = {2019},
  month = 9,
  volume = {1},
  pages = {133--146},
  issn = {2516-8401},
  note = {DOI \href{https://doi.org/10.1049/iet-esi.2019.0013}{10.1049/iet-esi.2019.0013}},
  journal = {IET Energy Syst. Integ.},
  number = {3}
}


%%%%%%%%%%%%%%%%%%%%%%%%%%%%%%%%%%%%%%%%%%%%%%%%%%%%%%%
% MAGAZINES
%%%%%%%%%%%%%%%%%%%%%%%%%%%%%%%%%%%%%%%%%%%%%%%%%%%%%%%
@article{vandoornMicrogridsHierarchicalControl2013,
	title = {Microgrids: {{Hierarchical Control}} and an {{Overview}} of the {{Control}} and {{Reserve Management Strategies}}},
	shorttitle = {Microgrids},
	author = {Vandoorn, Tine L. and Vasquez, Juan C. and De Kooning, Jeroen and Guerrero, Josep M. and Vandevelde, Lieven},
	year = {2013},
	month = {12},
	volume = {7},
	pages = {42--55},
	issn = {1932-4529},
	note = {DOI \href{https://doi.org/10.1109/MIE.2013.2279306}{10.1109/MIE.2013.2279306}},
	journal = {IEEE Ind. Electron. Mag.},
	number = {4}
}

@article{strbacMicrogridsEnhancingResilience2015,
	title = {Microgrids: {{Enhancing}} the {{Resilience}} of the {{European Megagrid}}},
	shorttitle = {Microgrids},
	author = {Strbac, Goran and Hatziargyriou, Nikos and Lopes, Joao Pecas and Moreira, Carlos and Dimeas, Aris and Papadaskalopoulos, Dimitrios},
	year = {2015},
	month = {5},
	volume = {13},
	pages = {35--43},
	issn = {1540-7977},
	note = {DOI \href{https://doi.org/10.1109/MPE.2015.2397336}{10.1109/MPE.2015.2397336}},
	journal = {IEEE Power and Energy Magazine},
	number = {3}
}

%%%%%%%%%%%%%%%%%%%%%%%%%%%%%%%%%%%%%%%%%%%%%%%%%%%%%%%
% NON IEEE JOURNALS / TALVEZ NO LUGAR ERRADO
%%%%%%%%%%%%%%%%%%%%%%%%%%%%%%%%%%%%%%%%%%%%%%%%%%%%%%%
@article{liserreStepbystepDesignProcedure2004,
	title = {Step-by-Step Design Procedure for a Grid-Connected Three-Phase {{PWM}} Voltage Source Converter},
	author = {Liserre, Marco and Blaabjerg, Frede and Dell'Aquila, Antonio},
	year = {2004},
	month = {8},
	volume = {91},
	pages = {445--460},
	issn = {0020-7217, 1362-3060},
	note = {DOI \href{https://doi.org/10.1080/00207210412331306186}{10.1080/00207210412331306186}},
	journal = {International Journal of Electronics},
	number = {8}
}

@article{peiQuickEvaluatingMethod2008,
  title = {A Quick Evaluating Method for Automotive Fuel Cell Lifetime},
  author = {Pei, P and Chang, Q and Tang, T},
  year = {2008},
  month = {7},
  volume = {33},
  pages = {3829--3836},
  issn = {03603199},
  note = {DOI \href{https://doi.org/10.1016/j.ijhydene.2008.04.048}{10.1016/j.ijhydene.2008.04.048}},
  journal = {International Journal of Hydrogen Energy},
  number = {14}
}


@article{dorflerSynchronizationTransientStability2012,
	title = {Synchronization and {{Transient Stability}} in {{Power Networks}} and {{Nonuniform Kuramoto Oscillators}}},
	author = {D{\"o}rfler, Florian and Bullo, Francesco},
	year = {2012},
	month = 1,
	volume = {50},
	pages = {1616--1642},
	issn = {0363-0129, 1095-7138},
	note = {DOI \href{https://doi.org/10.1137/110851584}{10.1137/110851584}},
	journal = {SIAM Journal on Control and Optimization},
	number = {3}
}

@article{koohi-kamaliEmergenceEnergyStorage2013,
  title = {Emergence of Energy Storage Technologies as the Solution for Reliable Operation of Smart Power Systems: {{A}} Review},
  shorttitle = {Emergence of Energy Storage Technologies as the Solution for Reliable Operation of Smart Power Systems},
  author = {{Koohi-Kamali}, Sam and Tyagi, V.V. and Rahim, N.A. and Panwar, N.L. and Mokhlis, H.},
  year = {2013},
  month = {9},
  volume = {25},
  pages = {135--165},
  issn = {13640321},
  note = {DOI \href{https://doi.org/10.1016/j.rser.2013.03.056}{10.1016/j.rser.2013.03.056}},
  journal = {Renewable and Sustainable Energy Reviews}
}

@article{aghamohammadiNewApproachOptimal2014a,
  title = {A New Approach for Optimal Sizing of Battery Energy Storage System for Primary Frequency Control of Islanded {{Microgrid}}},
  author = {Aghamohammadi, Mohammad Reza and Abdolahinia, Hajar},
  year = {2014},
  month = 1,
  volume = {54},
  pages = {325--333},
  issn = {01420615},
  note = {DOI \href{https://doi.org/10.1016/j.ijepes.2013.07.005}{10.1016/j.ijepes.2013.07.005}},
  journal = {Int. J. Electr. Power Energy Syst.}
}

@article{gamarraComputationalOptimizationTechniques2015,
  title = {Computational Optimization Techniques Applied to Microgrids Planning: {{A}} Review},
  shorttitle = {Computational Optimization Techniques Applied to Microgrids Planning},
  author = {Gamarra, Carlos and Guerrero, Josep M.},
  year = {2015},
  month = 8,
  volume = {48},
  pages = {413--424},
  issn = {13640321},
  note = {DOI \href{https://doi.org/10.1016/j.rser.2015.04.025}{10.1016/j.rser.2015.04.025}},
  journal = {Renew. Sustain. Energy Rev.}
}

@article{egidoUltracapacitorFrequencyStability2015,
	title = {An Ultra-Capacitor for Frequency Stability Enhancement in Small-Isolated Power Systems: {{Models}}, Simulation and Field Tests},
	shorttitle = {An Ultra-Capacitor for Frequency Stability Enhancement in Small-Isolated Power Systems},
	author = {Egido, I. and Sigrist, L. and Lobato, E. and Rouco, L. and Barrado, A.},
	year = {2015},
	month = 1,
	volume = {137},
	pages = {670--676},
	issn = {03062619},
	note = {DOI \href{https://doi.org/10.1016/10.1016/j.apenergy.2014.08.041}{10.1016/j.apenergy.2014.08.041}},
	journal = {Applied Energy}
}

@article{xuLCLresonanceDampingStrategies2018,
	title = {{{LCL}}-Resonance Damping Strategies for Grid-Connected Inverters with {{LCL}} Filters: A Comprehensive Review},
	shorttitle = {{{LCL}}-Resonance Damping Strategies for Grid-Connected Inverters with {{LCL}} Filters},
	author = {Xu, Jinming and Xie, Shaojun},
	year = {2018},
	month = {3},
	volume = {6},
	pages = {292--305},
	issn = {2196-5625, 2196-5420},
	doi = {10.1007/s40565-017-0319-7},
	journal = {J. Mod. Power Syst. Clean Energy},
	number = {2}
}



@article{riboldiOffshorePowerPlants2018,
  title = {Offshore {{Power Plants Integrating}} a {{Wind Farm}}: {{Design Optimisation}} and {{Techno}}-{{Economic Assessment Based}} on {{Surrogate Modelling}}},
  shorttitle = {Offshore {{Power Plants Integrating}} a {{Wind Farm}}},
  author = {Riboldi, Luca and Nord, Lars},
  year = {2018},
  month = {12},
  volume = {6},
  pages = {249},
  issn = {2227-9717},
  note = {DOI \href{https://doi.org/10.3390/pr6120249}{10.3390/pr6120249}},
  journal = {Processes},
  number = {12}
}

@article{xavierPowerConvertersBattery2019,
  title = {Power Converters for Battery Energy Storage Systems Connected to Medium Voltage Systems: A Comprehensive Review},
  shorttitle = {Power Converters for Battery Energy Storage Systems Connected to Medium Voltage Systems},
  author = {Xavier, Lucas S. and Amorim, William C. S. and Cupertino, Allan F. and Mendes, Victor F. and {do Boaventura}, Wallace C. and Pereira, Heverton A.},
  year = {2019},
  month = 12,
  volume = {1},
  pages = {7},
  issn = {2524-4469},
  note = {DOI \href{https://doi.org/10.1186/s42500-019-0006-5}{10.1186/s42500-019-0006-5}},
  journal = {BMC Energy},
  number = {1}
}



@article{bijaiehEnergyStoragePower2020,
  title = {Energy {{Storage Power}} and {{Energy Sizing}} and {{Specification Using HSSPFC}}},
  author = {Bijaieh, Mehrzad M. and Weaver, Wayne W. and Robinett, Rush D.},
  year = {2020},
  month = 4,
  volume = {9},
  pages = {638},
  issn = {2079-9292},
  note = {DOI \href{https://doi.org/10.3390/electronics9040638}{10.3390/electronics9040638}},
  journal = {Electronics},
  number = {4}
}


%%%%%%%%%%%%%%%%%%%%%%%%%%%%%%%%%%%%%%%%%%%%%%%%%%%%%%%
% TECHNICAL REPORTS - NOT FROM TSOs or ENTSO-E
%%%%%%%%%%%%%%%%%%%%%%%%%%%%%%%%%%%%%%%%%%%%%%%%%%%%%%%
@techreport{akhilDOEEPRIElectricity2015,
	title = {{{DOE}}/{{EPRI Electricity Storage Handbook}} in {{Collaboration}} with {{NRECA}}},
	author = {Akhil, Abbas A and Huff, Georgianne and Currier, Aileen B and Kaun, Benjamin C and Rastler, Dan M and Chen, Stella Bingqing and Cotter, Andrew L and Bradshaw, Dale T and Gauntlett, William D},
	year = {2015},
	month = {1},
	pages = {345},
	address = {{Albuquerque, NM}},
	institution = {{Sandia National Laboratories}},
	number = {SAND2015-1002}
}

@techreport{dnv-glJointIndustryProject2016,
  title = {Joint {{Industry Project}}: {{Wind}}-Powered Water Injection},
  author = {{DNV-GL}},
  year = {2016},
  month = 4,
  pages = {7},
  address = {{H\o vik, Norway}},
  institution = {{DNV-GL}},
  url = {https://www.dnvgl.com/research/power-and-renewables/pr-win-win.html}
}

@techreport{etoFrequencyControlRequirements2018,
	title = {Frequency {{Control Requirements}} for {{Reliable Interconnection Frequency Response}}},
	author = {Eto, Joseph H and Undrill, John and Roberts, Ciaran and Mackin, Peter and Ellis, Jeffrey},
	year = {2018},
	month = {2},
	pages = {116},
	address = {{Berkley, CA}},
	institution = {{Lawrence Berkeley National Laboratory}},
	number = {LBNL-2001103}
}

%%%%%%%%%%%%%%%%%%%%%%%%%%%%%%%%%%%%%%%%%%%%%%%%%%%%%%%
% REPOSITORIOS
%%%%%%%%%%%%%%%%%%%%%%%%%%%%%%%%%%%%%%%%%%%%%%%%%%%%%%%
@misc{alvesEfantnuHybridessdesignInitial2020,
  title = {Efantnu/Hybrid-Ess-Design: Review 1 release (Version v1.1)},
  shorttitle = {Efantnu/Hybrid-Ess-Design},
  author = {Alves, Erick F.},
  year = {2021},
  month = 3,
  note = {DOI \href{https://doi.org/10.5281/zenodo.4601067}{10.5281/zenodo.4601067}},
  url = {https://zenodo.org/record/4601067},
  urldate = {2021-03-12},
  abstract = {Release after the first review round with Frontiers in Energy Research.},
  copyright = {Open Access},
  howpublished = {Zenodo}
}

@misc{alvesEfantnuPwrsysmatlabInitial2020,
  title = {Efantnu/Pwrsys-Matlab: {{Initial}} Release},
  shorttitle = {Efantnu/Pwrsys-Matlab},
  author = {Alves, Erick F.},
  year = {2020},
  month = 12,
  note = {DOI \href{https://doi.org/10.5281/zenodo.4384758}{10.5281/zenodo.4384758}},
  url = {https://zenodo.org/record/4384758},
  urldate = {2020-12-22},
  abstract = {Initial release of the library to the world.},
  copyright = {Open Access},
  howpublished = {Zenodo}
}

@misc{motaSimulationModelsData2021,
	title = {Data Repository of the Manuscript {{Offshore Wind Farms}} and {{Isolated Oil}} and {{Gas Platforms}}},
	author = {Daniel dos Santos Mota},
	year = {2021},
	note = {DOI \href{https://doi.org/10.5281/zenodo.6095756}{10.5281/zenodo.6095756}},
	copyright = {Open Access},
    howpublished = {Zenodo}
}

@misc{alvesHybridESSDesign2021,
	title = {Hybrid {{ESS}} Design Repository - Data Set and Simulation Files},
	shorttitle = {Efantnu/Hybrid-Ess-Design},
	author = {Alves, Erick Fernando},
	year = {2021},
	note = {DOI \href{https://doi.org/10.5281/zenodo.4384697}{10.5281/zenodo.4384697}},
	copyright = {Open Access},
    howpublished = {Zenodo}
}


%%%%%%%%%%%%%%%%%%%%%%%%%%%%%%%%%%%%%%%%%%%%%%%%%%%%%%%
% STANDARDS
%%%%%%%%%%%%%%%%%%%%%%%%%%%%%%%%%%%%%%%%%%%%%%%%%%%%%%%
@book{IEEEStd154720182018,
	title = {{IEEE Standard for Interconnection and Interoperability of Distributed Energy Resources with Associated Electric Power Systems Interfaces}},
	author = {{IEEE 1547-2018}},
	year = {2018},
	publisher = {{IEEE}},
	address = {{New York, NY}},
	isbn = {978-1-5044-4639-6}
}

@book{IEEEStd20302018,
	title = {{{IEEE Standard}} for the {{Testing}} of {{Microgrid Controllers}}},
	author = {{IEEE 2030.8-2018}},
	year = {2018},
	publisher = {{IEEE}},
	address = {{New York, NY}},
	isbn = {978-1-5044-5050-8}
}


@book{IEC614002712015,
	title = {{Wind turbines - Part 27-1: Electrical simulation models - Wind turbines}},
	author = {{IEC 61400-27-1:2015}},
	year = {2015},
	month = {February},
	address = {{Geneva, Switzerland}},
	publisher = {{International Electrotechnical Commission (IEC)}},
	abstract = {IEC 61400-27-1:2015 specifies dynamic simulation models for generic wind turbine topologies/concepts/configurations on the market. It defines the generic terms and parameters with the purpose of specifying the electrical characteristics of a wind turbine at the connection terminals. The models are described in a modular way which can be applied for future wind turbine concepts. The dynamic simulation models refer to the wind turbine terminals. The validation procedure specified in IEC 61400-27-1 focuses on the IEC 61400-21 tests for response to voltage dips, reference point changes and grid protection.}
}
% language = {English/French},
% number = {IEC 61400-27-1:2015},
% type = {{International Standard}}



@book{IEC6189220152019,
  title = {{Mobile and fixed offshore units - Electrical installations}},
  author = {{IEC 61892:2019}},
  year = {2019},
  month = {4},
  edition = {4.0},
  publisher = {{IEC}},
  address = {{Geneva, Switzerland}}
}


%%%%%%%%%%%%%%%%%%%%%%%%%%%%%%%%%%%%%%%%%%%%%%%%%%%%%%%
% TESES DOUTORADO - THESIS
%%%%%%%%%%%%%%%%%%%%%%%%%%%%%%%%%%%%%%%%%%%%%%%%%%%%%%%
@phdthesis{duckwitzPowerSystemInertia2019,
  title = {Power {{System Inertia}}: {{Derivation}} of {{Requirements}} and {{Comparison}} of {{Inertia Emulation Methods}} for {{Converter}}-Based {{Power Plants}}},
  author = {Duckwitz, Daniel},
  year = {2019},
  month = 3,
  address = {{Kassel, Germany}},
  note = {DOI \href{https://doi.org/10.17170/kobra-20190510451}{10.17170/kobra-20190510451}}, 
  school = {University of Kassel}
}

@phdthesis{matakasjuniorImplementacaoControladoresPara2012,
  title = {{Implementa\c{c}\~ao de controladores para conversores trif\'asicos, sem transforma\c{c}\~oes de coordenadas: an\'alise geom\'etrica atrav\'es de vetores espaciais.}},
  shorttitle = {{Implementa\c{c}\~ao de controladores para conversores trif\'asicos, sem transforma\c{c}\~oes de coordenadas}},
  author = {Matakas Junior, Lourenco},
  year = {2012},
  month = may,
  address = {{S\~ao Paulo}},
  note = {DOI \href{https://doi.org/10.17170/10.11606/T.3.2012.tde-18052012-163756}{10.11606/T.3.2012.tde-18052012-163756}},
  school = {Universidade de S\~ao Paulo},
  type = {{Eletr\^onica de Pot\^encia}}
}



%%%%%%%%%%%%%%%%%%%%%%%%%%%%%%%%%%%%%%%%%%%%%%%%%%%%%%%
% TRANSACTIONS and IEEE journals
%%%%%%%%%%%%%%%%%%%%%%%%%%%%%%%%%%%%%%%%%%%%%%%%%%%%%%%
@article{dohertySynchronousMachinesIII1927,
	title = {Synchronous {{Machines III}} - {{Torque}}-{{Angle Characteristics Under Transient Conditions}}},
	author = {Doherty, R. E. and Nickle, C. A.},
	year = {1927},
	month = {1},
	volume = {XLVI},
	pages = {1--18},
	issn = {0096-3860},
	note = {DOI \href{https://doi.org/10.1109/T-AIEE.1927.5061336}{10.1109/T-AIEE.1927.5061336}},
	journal = {Trans. AIEE}
}

@article{tavoraCharacterizationEquilibriumStability1972,
	title = {Characterization of {{Equilibrium}} and {{Stability}} in {{Power Systems}}},
	author = {Tavora, Carlos and M. Smith, Otto},
	year = {1972},
	month = {5},
	volume = {PAS-91},
	pages = {1127--1130},
	issn = {0018-9510},
	note = {DOI \href{https://doi.org/10.1109/TPAS.1972.293468}{10.1109/TPAS.1972.293468}},
	journal = {IEEE Trans. on Power Apparatus and Syst.},
	number = {3}
}

@article{malesaniACDCAC1995,
	title = {{{AC}}/{{DC}}/{{AC PWM}} Converter with Reduced Energy Storage in the {{DC}} Link},
	author = {Malesani, L. and Rossetto, L. and Tenti, P. and Tomasin, P.},
	year = {1995},
	month = {3-4},
	volume = {31},
	pages = {287--292},
	issn = {00939994},
	note = {DOI \href{https://doi.org/10.1109/28.370275}{10.1109/28.370275}},
	journal = {IEEE Trans. on Ind. Applicat.},
	number = {2}
}

@article{sarjeantCapacitiveComponentsPower2001,
	title = {Capacitive Components for Power Electronics},
	author = {Sarjeant, W.J. and Clelland, I.W. and Price, R.A.},
	year = {2001},
	month = {6},
	volume = {89},
	pages = {846--855},
	issn = {00189219},
	note = {DOI \href{https://doi.org/10.1109/5.931475}{10.1109/5.931475}},
	journal = {Proc. IEEE},
	number = {6}
}

@article{jaliliDesignLCLFilters2009,
	title = {Design of LCL {{Filters}} of {{Active}}-{{Front}}-{{End Two}}-{{Level Voltage}}-{{Source Converters}}},
	author = {Jalili, K. and Bernet, S.},
	year = {2009},
	month = {5},
	volume = {56},
	pages = {1674--1689},
	issn = {0278-0046},
	note = {DOI \href{https://doi.org/10.1109/TIE.2008.2011251}{10.1109/TIE.2008.2011251}},
	journal = {IEEE Trans. Ind. Electron.},
	number = {5}
}

@article{channegowdaFilterOptimizationGrid2010,
	title = {Filter {{Optimization}} for {{Grid Interactive Voltage Source Inverters}}},
	author = {Channegowda, Parikshith and John, Vinod},
	year = {2010},
	month = {12},
	volume = {57},
	pages = {4106--4114},
	issn = {0278-0046, 1557-9948},
	note = {DOI \href{https://doi.org/10.1109/TIE.2010.2042421}{10.1109/TIE.2010.2042421}},
	journal = {IEEE Trans. Ind. Electron.},
	number = {12}
}

@article{rockhillGridFilterDesignMultimegawatt2011,
	title = {Grid-{{Filter Design}} for a {{Multimegawatt Medium}}-{{Voltage Voltage}}-{{Source Inverter}}},
	author = {Rockhill, A. A. and Liserre, Marco and Teodorescu, Remus and Rodriguez, Pedro},
	year = {2011},
	month = {4},
	volume = {58},
	pages = {1205--1217},
	issn = {0278-0046, 1557-9948},
	note = {DOI \href{https://doi.org/10.1109/TIE.2010.2087293}{10.1109/TIE.2010.2087293}},
	journal = {IEEE Trans. Ind. Electron.},
	number = {4}
}


@article{delilleDynamicFrequencyControl2012,
	title = {Dynamic {{Frequency Control Support}} by {{Energy Storage}} to {{Reduce}} the {{Impact}} of {{Wind}} and {{Solar Generation}} on {{Isolated Power System}}'s {{Inertia}}},
	author = {Delille, Gauthier and Francois, Bruno and Malarange, Gilles},
	year = {2012},
	month = 10,
	volume = {3},
	pages = {931--939},
	issn = {1949-3029, 1949-3037},
	note = {DOI \href{https://doi.org/10.1109/TSTE.2012.2205025}{10.1109/TSTE.2012.2205025}},
	journal = {IEEE Trans. Sustain. Energy},
	number = {4}
}

@article{changFrequencyregulatingReserveConstrained2013,
  title = {Frequency-Regulating Reserve Constrained Unit Commitment for an Isolated Power System},
  author = {Chang, Gary W. and Chuang, Ching-Sheng and Lu, Tai-Ken and Wu, Ching-Chung},
  year = {2013},
  month = 5,
  volume = {28},
  pages = {578--586},
  issn = {0885-8950, 1558-0679},
  note = {DOI \href{https://doi.org/10.1109/TPWRS.2012.2208126}{10.1109/TPWRS.2012.2208126}},
  journal = {IEEE Trans. Power Syst.},
  number = {2}
}

@article{muhlethalerOptimalDesignLCL2013,
	title = {Optimal {{Design}} of {{LCL Harmonic Filters}} for {{Three}}-{{Phase PFC Rectifiers}}},
	author = {Muhlethaler, Jonas and Schweizer, Mario and Blattmann, Robert and Kolar, Johann W. and Ecklebe, Andreas},
	year = {2013},
	month = {7},
	volume = {28},
	pages = {3114--3125},
	issn = {0885-8993, 1941-0107},
	note = {DOI \href{https://doi.org/10.1109/TPEL.2012.2225641}{10.1109/TPEL.2012.2225641}},
	journal = {IEEE Trans. Power Electron.},
	number = {7}
}

@article{pena-alzolaAnalysisPassiveDamping2013,
	title = {Analysis of the {{Passive Damping Losses}} in {{LCL}}-{{Filter}}-{{Based Grid Converters}}},
	author = {{Pe{\~n}a-Alzola}, R. and Liserre, M. and Blaabjerg, F. and Sebasti{\'a}n, R. and Dannehl, J. and Fuchs, F. W.},
	year = {2013},
	month = {6},
	volume = {28},
	pages = {2642--2646},
	issn = {0885-8993, 1941-0107},
	doi = {10.1109/TPEL.2012.2222931},
	journal = {IEEE Trans. Power Electron.},
	number = {6}
}

@article{fuRoleEnergyStorage2013,
  title = {The {{Role}} of {{Energy Storage}} in a {{Microgrid Concept}}: {{Examining}} the Opportunities and Promise of Microgrids.},
  shorttitle = {The {{Role}} of {{Energy Storage}} in a {{Microgrid Concept}}},
  author = {Fu, Qiang and Hamidi, Ahmad and Nasiri, Adel and Bhavaraju, Vijay and Krstic, Slobodan Bob and Theisen, Peter},
  year = {2013},
  month = {12},
  volume = {1},
  pages = {21--29},
  issn = {2325-5897, 2325-5889},
  note = {DOI \href{https://doi.org/10.1109/MELE.2013.2294736}{10.1109/MELE.2013.2294736}},
  journal = {IEEE Electrific. Mag.},
  number = {2}
}

@article{ahmadiSecurityConstrainedUnitCommitment2014,
	title = {Security-{{Constrained Unit Commitment With Linearized System Frequency Limit Constraints}}},
	author = {Ahmadi, Hamed and Ghasemi, Hassan},
	year = {2014},
	month = 7,
	volume = {29},
	pages = {1536--1545},
	issn = {0885-8950, 1558-0679},
	doi = {10.1109/TPWRS.2014.2297997},
	journal = {IEEE Trans. Power Syst.},
	number = {4}
}

@article{tentiLoadCharacterizationRevenue2014,
	title = {Load {{Characterization}} and {{Revenue Metering Under Non}}-{{Sinusoidal}} and {{Asymmetrical Operation}}},
	author = {Tenti, Paolo and Costabeber, Alessandro and Mattavelli, Paolo and Marafao, Fernando Pinhabel and Paredes, Helmo K. M.},
	year = {2014},
	month = {2},
	volume = {63},
	pages = {422--431},
	issn = {0018-9456, 1557-9662},
	note = {DOI \href{https://doi.org/10.1109/TIM.2013.2280480}{10.1109/TIM.2013.2280480}},
	journal = {IEEE Trans. Instrum. Meas.},
	number = {2}
}

@article{beresOptimalDesignHighOrder2016,
	title = {Optimal {{Design}} of {{High}}-{{Order Passive}}-{{Damped Filters}} for {{Grid}}-{{Connected Applications}}},
	author = {Beres, Remus Narcis and Wang, Xiongfei and Blaabjerg, Frede and Liserre, Marco and Bak, Claus Leth},
	year = {2016},
	month = {3},
	volume = {31},
	pages = {2083--2098},
	issn = {0885-8993, 1941-0107},
	note = {DOI \href{https://doi.org/10.1109/TPEL.2015.2441299}{10.1109/TPEL.2015.2441299}},
	journal = {IEEE Trans. Power Electron.},
	number = {3}
}

@article{farhadiEnergyStorageTechnologies2016,
  title = {Energy {{Storage Technologies}} for {{High}}-{{Power Applications}}},
  author = {Farhadi, Mustafa and Mohammed, Osama},
  year = {2016},
  volume = {52},
  pages = {1953--1961},
  issn = {0093-9994, 1939-9367},
  note = {DOI \href{https://doi.org/10.1109/TIA.2015.2511096}{10.1109/TIA.2015.2511096}},
  journal = {IEEE Trans. on Ind. Applicat.},
  number = {3}
}

@article{knapSizingEnergyStorage2016,
  title = {Sizing of an {{Energy Storage System}} for {{Grid Inertial Response}} and {{Primary Frequency Reserve}}},
  author = {Knap, Vaclav and Chaudhary, Sanjay K. and Stroe, Daniel-Ioan and Swierczynski, Maciej and Craciun, Bogdan-Ionut and Teodorescu, Remus},
  year = {2016},
  volume = {31},
  pages = {3447--3456},
  issn = {0885-8950, 1558-0679},
  note = {DOI \href{https://doi.org/10.1109/TPWRS.2015.2503565}{10.1109/TPWRS.2015.2503565}},
  journal = {IEEE Trans. Power Syst.},
  number = {5}
}

@article{wenFrequencyDynamicsConstrained2016,
  title = {Frequency {{Dynamics Constrained Unit Commitment With Battery Energy Storage}}},
  author = {Wen, Yunfeng and Li, Wenyuan and Huang, Gang and Liu, Xuan},
  year = {2016},
  month = 11,
  volume = {31},
  pages = {5115--5125},
  issn = {0885-8950, 1558-0679},
  note = {DOI \href{https://doi.org/10.1109/TPWRS.2016.2521882}{10.1109/TPWRS.2016.2521882}},
  journal = {IEEE Trans. Power Syst.},
  number = {6}
}

@article{beresReviewPassivePower2016,
	title = {A {{Review}} of {{Passive Power Filters}} for {{Three}}-{{Phase Grid}}-{{Connected Voltage}}-{{Source Converters}}},
	author = {Beres, Remus Narcis and Wang, Xiongfei and Liserre, Marco and Blaabjerg, Frede and Bak, Claus Leth},
	year = {2016},
	month = {3},
	volume = {4},
	pages = {54--69},
	issn = {2168-6777, 2168-6785},
	note = {DOI \href{https://doi.org/10.1109/JESTPE.2015.2507203}{10.1109/JESTPE.2015.2507203}},
	journal = {IEEE J. Emerg. Sel. Topics Power Electron.},
	number = {1}
}

@article{nguyenOptimalPowerFlow2019,
  title = {Optimal {{Power Flow Incorporating Frequency Security Constraint}}},
  author = {Nguyen, Nga and Almasabi, Saleh and Bera, Atri and Mitra, Joydeep},
  year = {2019},
  month = 11,
  volume = {55},
  pages = {6508--6516},
  issn = {0093-9994, 1939-9367},
  note = {DOI \href{https://doi.org/10.1109/TIA.2019.2938918}{10.1109/TIA.2019.2938918}},
  journal = {IEEE Trans. Ind. Appl.},
  number = {6}
}

@article{fangInertiaFutureMoreElectronics2019,
	title = {On the {{Inertia}} of {{Future More}}-{{Electronics Power Systems}}},
	author = {Fang, Jingyang and Li, Hongchang and Tang, Yi and Blaabjerg, Frede},
	year = {2019},
	month = {12},
	volume = {7},
	pages = {2130--2146},
	issn = {2168-6777, 2168-6785},
	note = {DOI \href{https://doi.org/10.1109/JESTPE.2018.2877766}{10.1109/JESTPE.2018.2877766}},
	journal = {IEEE J. Emerg. Sel. Topics Power Electron.},
	number = {4}
}

@article{rocabertControlEnergyStorage2019,
  title = {Control of {{Energy Storage System Integrating Electrochemical Batteries}} and {{Supercapacitors}} for {{Grid}}-{{Connected Applications}}},
  author = {Rocabert, Joan and {Capo-Misut}, Ruben and {Munoz-Aguilar}, Raul Santiago and Candela, Jose Ignacio and Rodriguez, Pedro},
  year = {2019},
  month = {3},
  volume = {55},
  pages = {1853--1862},
  issn = {0093-9994, 1939-9367},
  note = {DOI \href{https://doi.org/10.1109/TIA.2018.2873534}{10.1109/TIA.2018.2873534}},
  journal = {IEEE Trans. on Ind. Applicat.},
  number = {2}
}


@article{brandaoCoordinatedControlDistributed2019,
	title = {Coordinated {{Control}} of {{Distributed Three}}-and {{Single}}-Phase {{Inverters Connected}} to {{Three}}-{{Phase Three}}-{{Wire Microgrids}}},
	author = {Brandao, Danilo I. and Araujo, Lucas S. and Alonso, Augusto M. S. and {dos Reis}, Geovane L. and Liberado, Eduardo V. and Marafao, Fernando P.},
	year = {2019},
	pages = {1--1},
	issn = {2168-6777, 2168-6785},
	note = {DOI \href{https://doi.org/10.1109/JESTPE.2019.2931122}{10.1109/JESTPE.2019.2931122}},
	journal = {IEEE J. Emerg. Sel. Topics Power Electron.}
}

@article{bijaiehEnergyStorageRequirements2020,
  title = {Energy {{Storage Requirements}} for {{Inverter}}-{{Based Microgrids Under Droop Control}} in d-q {{Coordinates}}},
  author = {Bijaieh, Mehrzad Mohammadi and Weaver, Wayne W. and Robinett, Rush D.},
  year = {2020},
  month = 6,
  volume = {35},
  pages = {611--620},
  issn = {0885-8969, 1558-0059},
  note = {DOI \href{https://doi.org/10.1109/TEC.2019.2959189}{10.1109/TEC.2019.2959189}},
  journal = {IEEE Trans. Energy Convers.},
  number = {2}
}

@article{brandaoOptimalMultiobjectiveControl2020,
	title = {Optimal {{Multiobjective Control}} of {{Low}}-{{Voltage AC Microgrids}}: {{Power Flow Regulation}} and {{Compensation}} of {{Reactive Power}} and {{Unbalance}}},
	shorttitle = {Optimal {{Multiobjective Control}} of {{Low}}-{{Voltage AC Microgrids}}},
	author = {Brandao, Danilo I. and Ferreira, Willian M. and Alonso, Augusto M. S. and Tedeschi, Elisabetta and Marafao, Fernando P.},
	year = {2020},
	month = {3},
	volume = {11},
	pages = {1239--1252},
	issn = {1949-3053, 1949-3061},
	 note = {DOI \href{https://doi.org/10.1109/TSG.2019.2933790}{10.1109/TSG.2019.2933790}},
	journal = {IEEE Trans. Smart Grid},
	number = {2}
}

@article{alvesSufficientConditionsRobust2020,
  title = {Sufficient {{Conditions}} for {{Robust Frequency Stability}} of {{AC Power Systems}}},
  author = {Alves, Erick Fernando and Bergna, Gilbert and Brandao, Danilo Iglesias and Tedeschi, Elisabetta},
  year = {2020},
  pages = {1--1},
  issn = {0885-8950, 1558-0679},
  note = {DOI \href{https://doi.org/10.1109/TPWRS.2020.3039832}{10.1109/TPWRS.2020.3039832}},
  journal = {IEEE Trans. Power Syst.}
}

@article{ibanezInputVoltageFeedforward2021a,
	title = {Input {{Voltage Feedforward Control Technique}} for {{DC}}/{{DC Converters}} to {{Avoid Instability}} in {{DC Grids}}},
	author = {Ibanez, Federico Martin and Martin, Fernando and Eletu, Joshua and Echeverria, Jose Martin},
	date = {2021-10},
	year = {2021},
	journal = {IEEE Journal of Emerging and Selected Topics in Power Electronics},
	volume = {9},
	number = {5},
	pages = {6099--6112},
	issn = {2168-6777, 2168-6785},
	doi = {\href{https://doi.org/10.1109/JESTPE.2021.3058850}{10.1109/JESTPE.2021.3058850}}
}

%%%%%%%%%%%%%%%%%%%%%%%%%%%%%%%%%%%%%%%%%%%%%%%%%%%%%%%
% TSO Statnet ENTSOE-E Agencias reguladoras
%%%%%%%%%%%%%%%%%%%%%%%%%%%%%%%%%%%%%%%%%%%%%%%%%%%%%%%
@techreport{comissionregulationeuGuidelineCapacityAllocation2015,
	title = {Guideline on capacity allocation and congestion management. {EU} 2015/1222},
	author = {{EU Comission Regulation}},
	year = {2015},
	institution = {European Union},
	note = "\href{https://eur-lex.europa.eu/eli/reg/2015/1222/oj}{eur-lex.europa.eu/eli/reg/2015/1222/oj}. Accessed 2020-07-17"
}


@techreport{comissionregulationeuNetworkCodeRequirements2016,
	title = {Network code on requirements for grid connection of generators. {EU} 2016/631},
	author = {{EU Comission Regulation}},
	year = {2016},
	institution = {European Union},
	note = "\href{https://eur-lex.europa.eu/eli/reg/2016/631/oj}{eur-lex.europa.eu/eli/reg/2016/631/oj}. Accessed 2020-07-17"
}

@techreport{comissionregulationeuGuidelineElectricityTransmission2017,
	title = {Guideline on Electricity Transmission System Operation. {EU} 2017/1485},
	author = {{EU Comission Regulation}},
	year = {2017},
	institution = {European Union},
	note = "\href{https://eur-lex.europa.eu/eli/reg/2017/1485/oj}{eur-lex.europa.eu/eli/reg/2017/1485/oj}. Accessed 2020-07-17"
}

@techreport{entso-eFastFrequencyReserve2019,
	title = {Fast {{Frequency Reserve}} \textendash{} {{Solution}} to the {{Nordic}} Inertia Challenge},
	author = {{ENTSO-E}},
	year = {2019},
	month = {December},
	institution = {{ENTSO-E}}
}
